<record xmlns="http://www.loc.gov/MARC21/slim" xmlns:xsi="http://www.w3.org/2001/XMLSchema-instance" xsi:schemaLocation="http://www.loc.gov/MARC21/slim http://www.loc.gov/standards/marcxml/schema/MARC21slim.xsd"><leader>01290cz   2200193n  4500</leader><controlfield tag="001">oca03898480 </controlfield><controlfield tag="005">20001104070541.0</controlfield><controlfield tag="008">950811n| acannaabn          |a aaa     c</controlfield><datafield ind1=" " ind2=" " tag="010"><subfield code="a">nr 95029637 </subfield></datafield><datafield ind1=" " ind2=" " tag="040"><subfield code="a">NNC</subfield><subfield code="b">eng</subfield><subfield code="c">NNC</subfield><subfield code="d">OCoLC</subfield></datafield><datafield ind1="1" ind2=" " tag="100"><subfield code="a">Sisenna, L. Cornelius</subfield><subfield code="q">(Lucius Cornelius),</subfield><subfield code="d">ca. 118-67 B.C.</subfield></datafield><datafield ind1="1" ind2=" " tag="400"><subfield code="a">Sisenna, Lucius Cornelius,</subfield><subfield code="d">ca. 118-67 B.C.</subfield></datafield><datafield ind1="1" ind2=" " tag="400"><subfield code="a">Cornelius Sisenna, L.</subfield><subfield code="q">(Lucius),</subfield><subfield code="d">ca. 118-67 B.C.</subfield></datafield><datafield ind1="1" ind2=" " tag="400"><subfield code="a">L. Cornelius Sisenna</subfield><subfield code="q">(Lucius Cornelius Sisenna),</subfield><subfield code="d">ca. 118-67 B.C.</subfield></datafield><datafield ind1=" " ind2=" " tag="670"><subfield code="a">The works of L. Cornelius Sisenna [CF] 1991:</subfield><subfield code="b">PHI CD ROM #5.3, Latin Canon, bibliographic screen (L. Cornelius Sisenna)</subfield></datafield><datafield ind1=" " ind2=" " tag="670"><subfield code="a">Pauly-Wissowa:</subfield><subfield code="b">7. Halbbd., col. 1512-1513; "Cornelius", #374 (L. Cornelius Sisenna; historian; b. ca. 118 B.C.; praetor urbanus, 78 B.C.; d. in Crete, 67 B.C.)</subfield></datafield><datafield ind1=" " ind2=" " tag="670"><subfield code="a">Dict. of Greek and Roman biography and mythology, 1967:</subfield><subfield code="b">v. 3, p. 841 (Sisenna, L. Cornelius; historian; b. 119 or 118 B.C.; praetor, 78 B.C.; legatus of Pompey in the piratical war, 67 B.C.; died in Crete during his52nd year)</subfield></datafield><datafield ind1=" " ind2=" " tag="670"><subfield code="a">Oxford class. dict., 1st ed.:</subfield><subfield code="b">p. 842 (Sisenna, Lucius Cornelius; historian; praetor in 78 B.C.; defended Verres, 70 B.C.; legate to Pompey 67 B.C.; d. in Crete)</subfield></datafield><datafield ind1=" " ind2=" " tag="670"><subfield code="a">NUC pre-56:</subfield><subfield code="b">v. 548, p. 277 (Sisenna, Lucius Cornelius)</subfield></datafield></record>